<record xmlns="http://www.loc.gov/MARC21/slim">
   <leader>03060nam a2200385 i 4500</leader>
   <controlfield tag="001">6749016</controlfield>
   <controlfield tag="003">FlBoTFG</controlfield>
   <controlfield tag="005">20141121161956.0</controlfield>
   <controlfield tag="006">m|||||o||d||||||||</controlfield>
   <controlfield tag="007">cr||||</controlfield>
   <controlfield tag="008">141121t20152015si acd  ob    001 0 eng d</controlfield>
   <datafield ind1=" " ind2=" " tag="020">
      <subfield code="a">9789814613187 (e-book : PDF)</subfield>
   </datafield>
   <datafield ind1=" " ind2=" " tag="035">
      <subfield code="a">ocn896840199</subfield>
   </datafield>
   <datafield ind1=" " ind2=" " tag="039">
      <subfield code="a">exclude</subfield>
   </datafield>
   <datafield ind1=" " ind2=" " tag="040">
      <subfield code="a">FlBoTFG</subfield>
      <subfield code="b">eng</subfield>
      <subfield code="c">FlBoTFG</subfield>
      <subfield code="e">rda</subfield>
      <subfield code="d">AEU</subfield>
   </datafield>
   <datafield ind1=" " ind2="4" tag="050">
      <subfield code="a">QC176.8.P55</subfield>
      <subfield code="b">S56 2015</subfield>
   </datafield>
   <datafield ind1=" " ind2=" " tag="090">
      <subfield code="a">Internet Access</subfield>
      <subfield code="b">AEU</subfield>
   </datafield>
   <datafield ind1="0" ind2="0" tag="245">
      <subfield code="a">Singular and chiral nanoplasmonics /</subfield>
      <subfield code="c">edited by Svetlana V. Boriskina, Nikolay I. Zheludev.</subfield>
   </datafield>
   <datafield ind1=" " ind2="1" tag="264">
      <subfield code="a">Singapore :</subfield>
      <subfield code="b">Pan Stanford Publishing,</subfield>
      <subfield code="c">[2015]</subfield>
   </datafield>
   <datafield ind1=" " ind2="4" tag="264">
      <subfield code="c">©2015</subfield>
   </datafield>
   <datafield ind1=" " ind2=" " tag="300">
      <subfield code="a">1 online resource.</subfield>
   </datafield>
   <datafield ind1=" " ind2=" " tag="336">
      <subfield code="a">text</subfield>
      <subfield code="2">rdacontent</subfield>
   </datafield>
   <datafield ind1=" " ind2=" " tag="337">
      <subfield code="a">computer</subfield>
      <subfield code="2">rdamedia</subfield>
   </datafield>
   <datafield ind1=" " ind2=" " tag="338">
      <subfield code="a">online resource</subfield>
      <subfield code="2">rdacarrier</subfield>
   </datafield>
   <datafield ind1=" " ind2=" " tag="504">
      <subfield code="a">Includes bibliographical references and index.</subfield>
   </datafield>
   <datafield ind1="0" ind2=" " tag="505">
      <subfield code="a">Chiral nanostructures with plasmon and exciton resonances / Zhiyuan Fan [and seven others] -- Reciprocity and optical chirality / Aurélien Drezet and Cyriaque Genet -- Chiral effects in plasmonic metasurfaces and twisted metamaterials / Yang Zhao, Amir Nader Askarpour and Andrea Alù -- Engineering of radiation of optically active molecules with chiral nano-meta particles / Vasily Klimov and Dmitry Guzatov -- Unusual optical properties of helical metallic photonic crystals and chiral channels in dielectric photonic crystals / Hongqiang Li, Jian Wen Dong and Che Ting Chan -- Chiral surface plasmon polaritons on one-dimension nanowires / Shunping Zhang and Hongxing Xu -- Manipulation of surface plasmon patterns with chirality of metallic structure / Il-Min Lee, Seung-Yeol Lee, Yohan Lee and Byoungho Lee -- Local field topology behind light localization and metamaterial topological transitions / Jonathan Tong, Alvin Mercedes, Gang Chen and Svetlana V. Boriskina -- Nano-fano resonances and topological optics / Boris Luk'Yanchuk [and seven others] -- Chiral nanostructures fabricated by twisted light with spin / Takashige Omatsu and Ryuji Morita -- Engineering the orbital angular momentum of light with plasmonic vogel spiral arrays / Luca Dal Negro, Nate Lawrence and Jacob Trevino -- Probing magnetic plasmons with vortex electron beams / Reuven Gordon -- Electromagnetic optical vortices of plasmonic Taiji marks / Wei Ting Chen, Pin Chieh Wu and Din Ping Tsai -- Passive and active nano-antenna systems / Samel Arslanagić, Sawyer D. Campbell and Richard W. Ziolkowski -- Plasmonic nanostructures for nanoscale energy delivery and biosensing : design fabrication and characterization / Remo Proietti Zaccaria [and twelve others].</subfield>
   </datafield>
   <datafield ind1=" " ind2=" " tag="596">
      <subfield code="a">44</subfield>
   </datafield>
   <datafield ind1=" " ind2="0" tag="650">
      <subfield code="a">Plasmons (Physics)</subfield>
   </datafield>
   <datafield ind1=" " ind2="0" tag="650">
      <subfield code="a">Nanotechnology.</subfield>
   </datafield>
   <datafield ind1=" " ind2="0" tag="650">
      <subfield code="a">Chirality.</subfield>
   </datafield>
   <datafield ind1="1" ind2=" " tag="700">
      <subfield code="a">Boriskina, Svetlana V.,</subfield>
      <subfield code="e">editor.</subfield>
   </datafield>
   <datafield ind1="1" ind2=" " tag="700">
      <subfield code="a">Zheludev, Nikolay I.,</subfield>
      <subfield code="e">editor.</subfield>
   </datafield>
   <datafield ind1="4" ind2="0" tag="856">
      <subfield code="3">University of Alberta Access</subfield>
      <subfield code="u">http://marc.crcnetbase.com/isbn/9789814613187</subfield>
      <subfield code="z">(Unlimited Concurrent Users)</subfield>
   </datafield>
   <datafield ind1=" " ind2=" " tag="949">
      <subfield code="h">UAIN</subfield>
      <subfield code="z">CRC</subfield>
   </datafield>
   <datafield ind1=" " ind2=" " tag="926">
      <subfield code="a">Internet Access</subfield>
      <subfield code="w">LC</subfield>
      <subfield code="c">1</subfield>
      <subfield code="i">6749016-1001</subfield>
      <subfield code="l">INTERNET</subfield>
      <subfield code="m">UAINTERNET</subfield>
      <subfield code="r">Y</subfield>
      <subfield code="s">Y</subfield>
      <subfield code="t">E-RESOURCE</subfield>
      <subfield code="u">12/2/2014</subfield>
      <subfield code="x">E-BOOK</subfield>
      <subfield code="z">CRC</subfield>
   </datafield>
</record>
